@article{popenici2017exploring,
  title={Exploring the impact of artificial intelligence on teaching and learning in higher education},
  author={Popenici, Stefan AD and Kerr, Sharon},
  journal={Research and practice in technology enhanced learning},
  volume={12},
  number={1},
  pages={22},
  year={2017},
  publisher={Springer}
}

@article{zawacki2019systematic,
  title={Systematic review of research on artificial intelligence applications in higher education--where are the educators?},
  author={Zawacki-Richter, Olaf and Mar{\'\i}n, Victoria I and Bond, Melissa and Gouverneur, Franziska},
  journal={International journal of educational technology in higher education},
  volume={16},
  number={1},
  pages={1--27},
  year={2019},
  publisher={Springer}
}

@article{kaplan2019siri,
  title={Siri, Siri, in my hand: Whoâ€™s the fairest in the land? On the interpretations, illustrations, and implications of artificial intelligence},
  author={Kaplan, Andreas and Haenlein, Michael},
  journal={Business horizons},
  volume={62},
  number={1},
  pages={15--25},
  year={2019},
  publisher={Elsevier}
}

@article{kulik2016effectiveness,
  title={Effectiveness of intelligent tutoring systems: a meta-analytic review},
  author={Kulik, James A and Fletcher, John D},
  journal={Review of educational research},
  volume={86},
  number={1},
  pages={42--78},
  year={2016},
  publisher={Sage Publications Sage CA: Los Angeles, CA}
}

@article{siemens2013learning,
  title={Learning analytics: The emergence of a discipline},
  author={Siemens, George},
  journal={American Behavioral Scientist},
  volume={57},
  number={10},
  pages={1380--1400},
  year={2013},
  publisher={SAGE Publications Sage CA: Los Angeles, CA}
}

@inproceedings{binns2018fairness,
  title={Fairness in machine learning: Lessons from political philosophy},
  author={Binns, Reuben},
  booktitle={Conference on fairness, accountability and transparency},
  pages={149--159},
  year={2018},
  organization={PMLR}
}


